<?xml version="1.0" encoding="utf-8"?>
<record xmlns="http://www.loc.gov/MARC21/slim" xmlns:xsi="http://www.w3.org/2001/XMLSchema-instance" xsi:schemaLocation="http://www.loc.gov/MARC21/slim http://www.loc.gov/standards/marcxml/schema/MARC21slim.xsd">
	<leader>     nam a22     Mi 4500</leader>
	<controlfield tag="001">b12696778</controlfield>
	<controlfield tag="003">LeBAU</controlfield>
	<controlfield tag="006">m        d        </controlfield>
	<controlfield tag="007">cr cn |||m|||a</controlfield>
	<controlfield tag="008">181029m19401943le acf  ob    ||1 0 ara d</controlfield>
	<datafield ind1=" " ind2=" " tag="037">
		<subfield code="b">Library</subfield>
		<subfield code="z">30975</subfield>
	</datafield>
	<datafield ind1=" " ind2=" " tag="040">
		<subfield code="a">ZYU</subfield>
		<subfield code="b">ara</subfield>
		<subfield code="e">rda</subfield>
		<subfield code="c">ZYU</subfield>
	</datafield>
	<datafield ind1=" " ind2="4" tag="050">
		<subfield code="a">DS98</subfield>
		<subfield code="b">.R87 1940</subfield>
	</datafield>
	<datafield ind1="0" ind2="4" tag="082">
		<subfield code="a">956.9</subfield>
		<subfield code="2">22</subfield>
	</datafield>
	<datafield ind1="1" ind2=" " tag="100">
		<subfield code="6">880-01</subfield>
		<subfield code="a">Rustum, Asad,</subfield>
		<subfield code="d">1897-1965,</subfield>
		<subfield code="e">author.</subfield>
	</datafield>
	<datafield ind1="1" ind2="3" tag="245">
		<subfield code="6">880-02</subfield>
		<subfield code="a">al-Maḥfūẓāt al-Malakīyah al-Miṣrīyah :</subfield>
		<subfield code="b">bayān bi-wathāʼiq al-Shām wa-mā yusāʻid ʻalá faḥmihā wa-yūḍiḥu maqāṣid Muḥammad ʻAlī al-Kabīr /</subfield>
		<subfield code="c">lil-Duktūr Asad Rustum, aḥad asātidhat al-ta’rīkh fī Jāmi‘at Bayrūt al-Amīrikīyah.</subfield>
	</datafield>
	<datafield ind1="1" ind2="5" tag="246">
		<subfield code="a">A calendar of state papers from the royal archives of Egypt relating to the affairs of Syria</subfield>
	</datafield>
	<datafield ind1=" " ind2="1" tag="264">
		<subfield code="a">Beirut :</subfield>
		<subfield code="b">American press,</subfield>
		<subfield code="c">1940-1943.</subfield>
	</datafield>
	<datafield ind1=" " ind2="1" tag="264">
		<subfield code="a">Beirut :</subfield>
		<subfield code="b">American press</subfield>
		<subfield code="c">1940-1943.</subfield>
	</datafield>
	<datafield ind1=" " ind2=" " tag="300">
		<subfield code="6">880-03</subfield>
		<subfield code="a">online resource (4 volumes) :</subfield>
		<subfield code="b">illustrations, portraits</subfield>
	</datafield>
	<datafield ind1=" " ind2=" " tag="336">
		<subfield code="a">text</subfield>
		<subfield code="2">rdacontent</subfield>
	</datafield>
	<datafield ind1=" " ind2=" " tag="337">
		<subfield code="a">computer</subfield>
		<subfield code="2">rdamedia</subfield>
	</datafield>
	<datafield ind1=" " ind2=" " tag="338">
		<subfield code="a">online resource</subfield>
		<subfield code="2">rdacarrier</subfield>
	</datafield>
	<datafield ind1=" " ind2=" " tag="500">
		<subfield code="a">Part of the Arabic Collections Online (ACO) project, contributed by American University of Beirut's Jafet Memorial Library.</subfield>
	</datafield>
	<datafield ind1=" " ind2=" " tag="533">
		<subfield code="a">Electronic reproduction.</subfield>
		<subfield code="b">New York, N.Y. :</subfield>
		<subfield code="c">New York University,</subfield>
		<subfield code="d">2018.</subfield>
		<subfield code="5">NNU</subfield>
	</datafield>
	<datafield ind1=" " ind2="0" tag="651">
		<subfield code="6">880-04</subfield>
		<subfield code="a">Syria</subfield>
		<subfield code="x">History</subfield>
		<subfield code="y">19th century</subfield>
		<subfield code="v">Sources.</subfield>
	</datafield>
	<datafield ind1=" " ind2="0" tag="651">
		<subfield code="6">880-05</subfield>
		<subfield code="a">Egypt</subfield>
		<subfield code="x">History</subfield>
		<subfield code="y">19th century</subfield>
		<subfield code="v">Sources.</subfield>
	</datafield>
	<datafield ind1=" " ind2="0" tag="651">
		<subfield code="6">880-06</subfield>
		<subfield code="a">Syria</subfield>
		<subfield code="x">Foreign relations</subfield>
		<subfield code="z">Egypt.</subfield>
	</datafield>
	<datafield ind1=" " ind2="0" tag="651">
		<subfield code="6">880-07</subfield>
		<subfield code="a">Egypt</subfield>
		<subfield code="x">Foreign relations</subfield>
		<subfield code="z">Syria.</subfield>
	</datafield>
	<datafield ind1="2" ind2=" " tag="710">
		<subfield code="a">Jafet Memorial Library.</subfield>
	</datafield>
	<datafield ind1="0" ind2=" " tag="730">
		<subfield code="a">Arabic Collections Online.</subfield>
	</datafield>
	<datafield ind1="0" ind2=" " tag="775">
		<subfield code="6">880-08</subfield>
		<subfield code="i">has designation of edition</subfield>
		<subfield code="4">http://rdaregistry.info/Elements/m/P30133:</subfield>
		<subfield code="t">al-Maḥfūẓāt al-Malakīyah al-Miṣrīyah.</subfield>
		<subfield code="b">al-Ṭab‘ah al-thānīyah.</subfield>
		<subfield code="d">Bayrūt : al-Maktabah al-Būlusīyah, 1986</subfield>
		<subfield code="w">(OCoLC)784487738</subfield>
		<subfield code="w">(OCoLC)784487738</subfield>
	</datafield>
	<datafield ind1="0" ind2="8" tag="776">
		<subfield code="i">Print version:</subfield>
		<subfield code="a">Rustum, Asad, 1897-1965, author.</subfield>
		<subfield code="t">al-Maḥfūẓāt al-Malakīyah al-Miṣrīyah</subfield>
		<subfield code="w">(LeBAU)b12696778</subfield>
	</datafield>
	<datafield ind1="0" ind2=" " tag="787">
		<subfield code="6">880-09</subfield>
		<subfield code="i">is indexed in (work)</subfield>
		<subfield code="4">http://rdaregistry.info/Elements/m/P30133:</subfield>
		<subfield code="t">al-Maḥfūẓāt al-Malakīyah.</subfield>
		<subfield code="d">Miṣr : Dār al-Ma‘ārif, 1952</subfield>
		<subfield code="w">b20609188</subfield>
	</datafield>
	<datafield ind1="4" ind2="0" tag="856">
		<subfield code="u">http://hdl.handle.net/2333.1/9ghx3nmb</subfield>
	</datafield>
	<datafield ind1="1" ind2=" " tag="880">
		<subfield code="6">100-01</subfield>
		<subfield code="a">رستم، اسد،</subfield>
		<subfield code="d">1897-1965،</subfield>
		<subfield code="e">مؤلف.</subfield>
		<subfield code="4">aut.</subfield>
	</datafield>
	<datafield ind1="1" ind2="2" tag="880">
		<subfield code="6">245-02</subfield>
		<subfield code="a">المحفوظات الملكية المصرية :</subfield>
		<subfield code="b">بيان بوثائق الشام وما يساعد على فهمها ويوضح مقاصد محمد علي الكبير /</subfield>
		<subfield code="c">للدكتور أسد رستم، أحد أساتذة التأريخ في جامعة بيروت الأميركية.</subfield>
	</datafield>
	<datafield ind1=" " ind2=" " tag="880">
		<subfield code="6">300-03</subfield>
		<subfield code="a">4 أجزاء :</subfield>
		<subfield code="b">مصورات، صور شخصانية ؛</subfield>
		<subfield code="c">23 سم</subfield>
	</datafield>
	<datafield ind1=" " ind2=" " tag="880">
		<subfield code="6">504-00</subfield>
		<subfield code="a">يتضمن مراجع ببليوغرافية.</subfield>
	</datafield>
	<datafield ind1="0" ind2=" " tag="880">
		<subfield code="6">505-00</subfield>
		<subfield code="a">المحفوظات الملكية المصرية: المجلد الأول. 1225-1247 هـ.، 1810-1832 م. -- المجلد الثاني. 1248-1250 هـ.، 1832-1835 م. -- المجلد الثالث. 1251-1254 هـ.، 1835-1839 م. -- المجلد الرابع. 1255-1256 هـ.، 1839-1841 م.</subfield>
	</datafield>
	<datafield ind1=" " ind2="4" tag="880">
		<subfield code="6">651-04</subfield>
		<subfield code="a">سوريا</subfield>
		<subfield code="x">تاريخ</subfield>
		<subfield code="y">القرن التاسع عشر</subfield>
		<subfield code="v">مصادر.</subfield>
	</datafield>
	<datafield ind1=" " ind2="4" tag="880">
		<subfield code="6">651-05</subfield>
		<subfield code="a">مصر</subfield>
		<subfield code="x">تاريخ</subfield>
		<subfield code="y">القرن التاسع عشر</subfield>
		<subfield code="v">مصادر.</subfield>
	</datafield>
	<datafield ind1=" " ind2="4" tag="880">
		<subfield code="6">651-06</subfield>
		<subfield code="a">سوريا</subfield>
		<subfield code="x">العلاقات الخارجية</subfield>
		<subfield code="z">مصر.</subfield>
	</datafield>
	<datafield ind1=" " ind2="4" tag="880">
		<subfield code="6">651-07</subfield>
		<subfield code="a">مصر</subfield>
		<subfield code="x">العلاقات الخارجية</subfield>
		<subfield code="z">سوريا.</subfield>
	</datafield>
	<datafield ind1="0" ind2=" " tag="880">
		<subfield code="6">775-08</subfield>
		<subfield code="i">دلالة على الطبعة</subfield>
		<subfield code="4">http://rdaregistry.info/Elements/m/P30133</subfield>
		<subfield code="t">المحفوظات الملكية المصرية.</subfield>
		<subfield code="b">الطبعة الثانية.</subfield>
		<subfield code="d">بيروت : المكتبة البولسية، 1986</subfield>
		<subfield code="w">b12728974</subfield>
		<subfield code="w">(OCoLC)784487738</subfield>
	</datafield>
	<datafield ind1="0" ind2=" " tag="880">
		<subfield code="6">787-09</subfield>
		<subfield code="i">مكشف في (عمل)</subfield>
		<subfield code="4">http://rdaregistry.info/Elements/w/P10090:</subfield>
		<subfield code="t">المحفوظات الملكية.</subfield>
		<subfield code="d">مصر : دار المعارف، 1952</subfield>
		<subfield code="w">b20609188</subfield>
	</datafield>
	<datafield ind1=" " ind2=" " tag="959">
		<subfield code="a">NNU</subfield>
		<subfield code="b">WEB</subfield>
		<subfield code="c">GENI</subfield>
		<subfield code="t">0</subfield>
		<subfield code="m">Electronic access</subfield>
		<subfield code="s">01</subfield>
	</datafield>
	<datafield ind1=" " ind2=" " tag="999">
		<subfield code="i">LeBAU_b12696778</subfield>
		<subfield code="s">aub_aco001896:v.1</subfield>
		<subfield code="s">aub_aco001897:v.2</subfield>
		<subfield code="s">aub_aco001898:v.3</subfield>
		<subfield code="s">aub_aco001899:v.4</subfield>
		<subfield code="e">(ERROR-880)(ERROR-MISC)</subfield>
		<subfield code="s">aub_aco001896:v.1</subfield>
		<subfield code="s">aub_aco001897:v.2</subfield>
		<subfield code="s">aub_aco001898:v.3</subfield>
		<subfield code="s">aub_aco001899:v.4</subfield>
	</datafield>
</record>
